<?xml version="1.0" encoding="UTF-8"?><collection xmlns="http://www.loc.gov/MARC21/slim"><record><leader>00359nam--2200133-i-4500</leader><controlfield tag="001">000042037</controlfield><controlfield tag="002">20161230</controlfield><controlfield tag="005">20161230201043</controlfield><controlfield tag="008">060222s1000------------r-----000-0-eng-d</controlfield><datafield ind1=" " ind2=" " tag="080"><subfield code="a">801.323.1+20</subfield></datafield><datafield ind1=" " ind2=" " tag="100"><subfield code="a">Snell,F.D. And Snell,C.T</subfield></datafield><datafield ind1=" " ind2=" " tag="245"><subfield code="a">Dictionary of comercial chemicals</subfield></datafield><datafield ind1=" " ind2=" " tag="260"><subfield code="a">New York, D.Van Nostrand Co.Inc.,1962. Viii + 714 P</subfield></datafield><datafield ind1=" " ind2=" " tag="852"><subfield code="a">D.271</subfield></datafield></record></collection>